@Article{vapnik1963,
  author = {Vapnik, V. and Lerner, A.},
  title = "Pattern recognition using generalized portrait method.",
  journal= "Avtomatika i Telemekhanika",
  volume = "24",
  number = "6",
  year = "1963",
  pages = "774--780" 
}

@INPROCEEDINGS{Drucker97supportvector,
    author = {Harris Drucker and Chris J. C. Burges and Linda Kaufman and Alex Smola and Vladimir Vapnik},
    title = {Support Vector Regression Machines},
    booktitle = {Advances in Neural Information Processing Systems 9},
    year = {1997},
    pages = {155--161},
    publisher = {MIT Press}
}
@inproceedings{Pang+Lee+Vaithyanathan:02a,
   author = {Bo Pang and Lillian Lee and Shivakumar Vaithyanathan},
   title = {Thumbs Up? Sentiment Classification Using Machine Learning Techniques},
   year = {2002},
   pages = {79--86},
   booktitle = {Proceedings of EMNLP}
}
@inproceedings{wiebe-bruce-o'hara:1999:ACL,
    author = {Janyce M. Wiebe and Rebecca F. Bruce and Thomas P. O'Hara},
    title = {Development and Use of a Gold-Standard Data Set for Subjectivity Classifications},
    booktitle = {Proceedings of the 37th Annual Meeting of the Association for Computational Linguistics},
    month = {June},
    year = {1999},
    address = {College Park, Maryland, USA},
    publisher = {Association for Computational Linguistics},
    pages = {246--253},
    url = {http://www.aclweb.org/anthology/P99-1032},
    doi = {10.3115/1034678.1034721}
}
@inproceedings{Hu:2004:MSC:1014052.1014073,
 author = {Hu, Minqing and Liu, Bing},
 title = {Mining and Summarizing Customer Reviews},
 booktitle = {Proceedings of the Tenth ACM SIGKDD International Conference on Knowledge Discovery and Data Mining},
 series = {KDD '04},
 year = {2004},
 isbn = {1-58113-888-1},
 location = {Seattle, WA, USA},
 pages = {168--177},
 numpages = {10},
 url = {http://doi.acm.org/10.1145/1014052.1014073},
 doi = {10.1145/1014052.1014073},
 acmid = {1014073},
 publisher = {ACM},
 address = {New York, NY, USA},
 keywords = {reviews, sentiment classification, summarization, text mining},
}
@book{Liu:2012:SAO:3019323,
 author = {Liu, Bing},
 title = {Sentiment Analysis and Opinion Mining},
 year = {2012},
 isbn = {1608458849, 9781608458844},
 publisher = {Morgan \& Claypool Publishers},
} 
@article{opinion.review.2010,
  added-at = {2011-02-04T11:38:30.000+0100},
  author = {Liu, Bing},
  biburl = {https://www.bibsonomy.org/bibtex/2098caba4af7a344db7a62c5d10748727/hotho},
  editor = {Indurkhya, N. and Damerau, F. J.},
  interhash = {d95273d3139fee537a2e08a2fc5b4b38},
  intrahash = {098caba4af7a344db7a62c5d10748727},
  journal = {Handbook of Natural Language Processing},
  keywords = {***** analysis introduction opinion sentiment survey},
  timestamp = {2011-02-04T11:38:30.000+0100},
  title = {Sentiment Analysis and Subjectivity},
  volume = {2nd ed},
  year = 2010
}
@ARTICLE{Marcus93buildinga,
    author = {Mitchell P. Marcus and Beatrice Santorini and Mary Ann Marcinkiewicz},
    title = {Building a Large Annotated Corpus of English: The Penn Treebank},
    journal = {COMPUTATIONAL LINGUISTICS},
    year = {1993},
    volume = {19},
    number = {2},
    pages = {313--330}
}
@inproceedings{Dave:2003:MPG:775152.775226,
 author = {Dave, Kushal and Lawrence, Steve and Pennock, David M.},
 title = {Mining the Peanut Gallery: Opinion Extraction and Semantic Classification of Product Reviews},
 booktitle = {Proceedings of the 12th International Conference on World Wide Web},
 series = {WWW '03},
 year = {2003},
 isbn = {1-58113-680-3},
 location = {Budapest, Hungary},
 pages = {519--528},
 numpages = {10},
 url = {http://doi.acm.org/10.1145/775152.775226},
 doi = {10.1145/775152.775226},
 acmid = {775226},
 publisher = {ACM},
 address = {New York, NY, USA},
 keywords = {document classification, opinion mining},
} 
@inproceedings{Socher-etal:2013,
  Location = {Seattle, WA},
  Author = {Socher, Richard  and  Perelygin, Alex  and  Wu, Jean  and  Chuang, Jason  and  Manning, Christopher D.  and  Ng, Andrew Y.  and  Potts, Christopher},
  Booktitle = {Proceedings of the 2013 Conference on {E}mpirical {M}ethods in {N}atural {L}anguage {P}rocessing},
  Month = {October},
  Publisher = {Association for Computational Linguistics},
  Address = {Stroudsburg, PA},
  Title = {Recursive Deep Models for Semantic Compositionality Over a Sentiment Treebank},
  Pages = {1631--1642},
  Year = {2013}
}
@inproceedings{Pang:2005:SSE:1219840.1219855,
 author = {Pang, Bo and Lee, Lillian},
 title = {Seeing Stars: Exploiting Class Relationships for Sentiment Categorization with Respect to Rating Scales},
 booktitle = {Proceedings of the 43rd Annual Meeting on Association for Computational Linguistics},
 series = {ACL '05},
 year = {2005},
 location = {Ann Arbor, Michigan},
 pages = {115--124},
 numpages = {10},
 url = {https://doi.org/10.3115/1219840.1219855},
 doi = {10.3115/1219840.1219855},
 acmid = {1219855},
 publisher = {Association for Computational Linguistics},
 address = {Stroudsburg, PA, USA},
} 
@inproceedings{Hsieh:2008:DCD:1390156.1390208,
 author = {Hsieh, Cho-Jui and Chang, Kai-Wei and Lin, Chih-Jen and Keerthi, S. Sathiya and Sundararajan, S.},
 title = {A Dual Coordinate Descent Method for Large-scale Linear SVM},
 booktitle = {Proceedings of the 25th International Conference on Machine Learning},
 series = {ICML '08},
 year = {2008},
 isbn = {978-1-60558-205-4},
 location = {Helsinki, Finland},
 pages = {408--415},
 numpages = {8},
 url = {http://doi.acm.org/10.1145/1390156.1390208},
 doi = {10.1145/1390156.1390208},
 acmid = {1390208},
 publisher = {ACM},
 address = {New York, NY, USA},
}
@misc{SATok,
  author = {Potts Christopher},
  title = {Sentiment-aware tokenizer},
  howpublished = {\url{http://sentiment.christopherpotts.net/tokenizing.html}},
  year = {2011}, 
  note = {Accessed: 2017-06-03}
}
@InProceedings{maas-EtAl:2011:ACL-HLT2011,
  author    = {Maas, Andrew L.  and  Daly, Raymond E.  and  Pham, Peter T.  and  Huang, Dan  and  Ng, Andrew Y.  and  Potts, Christopher},
  title     = {Learning Word Vectors for Sentiment Analysis},
  booktitle = {Proceedings of the 49th Annual Meeting of the Association for Computational Linguistics: Human Language Technologies},
  month     = {June},
  year      = {2011},
  address   = {Portland, Oregon, USA},
  publisher = {Association for Computational Linguistics},
  pages     = {142--150},
  url       = {http://www.aclweb.org/anthology/P11-1015}
}
@inproceedings{Loper:2002:NNL:1118108.1118117,
 author = {Loper, Edward and Bird, Steven},
 title = {NLTK: The Natural Language Toolkit},
 booktitle = {Proceedings of the ACL-02 Workshop on Effective Tools and Methodologies for Teaching Natural Language Processing and Computational Linguistics - Volume 1},
 series = {ETMTNLP '02},
 year = {2002},
 location = {Philadelphia, Pennsylvania},
 pages = {63--70},
 numpages = {8},
 url = {http://dx.doi.org/10.3115/1118108.1118117},
 doi = {10.3115/1118108.1118117},
 acmid = {1118117},
 publisher = {Association for Computational Linguistics},
 address = {Stroudsburg, PA, USA},
} 
@article{scikit-learn,
 title={Scikit-learn: Machine Learning in {P}ython},
 author={Pedregosa, F. and Varoquaux, G. and Gramfort, A. and Michel, V.
         and Thirion, B. and Grisel, O. and Blondel, M. and Prettenhofer, P.
         and Weiss, R. and Dubourg, V. and Vanderplas, J. and Passos, A. and
         Cournapeau, D. and Brucher, M. and Perrot, M. and Duchesnay, E.},
 journal={Journal of Machine Learning Research},
 volume={12},
 pages={2825--2830},
 year={2011}
}
@inproceedings{Aizerman67theoretical,
  added-at = {2006-09-08T00:59:05.000+0200},
  author = {Aizerman, M. A. and Braverman, E. A. and Rozonoer, L.},
  biburl = {https://www.bibsonomy.org/bibtex/22d5200f2631a82c1ccb33db90ee38d10/naufraghi},
  booktitle = {Automation and Remote Control,},
  interhash = {4848b39ce0f837dc7b429b700526c5b1},
  intrahash = {2d5200f2631a82c1ccb33db90ee38d10},
  keywords = {MachineLearning intelligenza-artificiale AI svm},
  number = 25,
  pages = {821-837},
  series = {Automation and Remote Control,},
  timestamp = {2006-09-08T00:59:05.000+0200},
  title = { Theoretical foundations of the potential function method in pattern recognition learning.},
  year = 1964
}
@article{cover1965browse,
  added-at = {2014-06-04T16:53:15.000+0200},
  author = {Cover, Thomas M.},
  biburl = {https://www.bibsonomy.org/bibtex/2c08d437fc975bb3a1f0e34ad50e06857/prlz77},
  interhash = {3c58f5353196d31887de5a8b6131154f},
  intrahash = {c08d437fc975bb3a1f0e34ad50e06857},
  journal = {Electronic Computers, IEEE Transactions on},
  keywords = {Geometrical Statistical and applications in inequalities linear of pattern properties recognition systems with},
  number = 3,
  pages = {326--334 },
  timestamp = {2014-06-04T16:53:15.000+0200},
  title = {Geometrical and Statistical Properties of Systems of Linear Inequalities with Applications in Pattern Recognition},
  url = {http://hebb.mit.edu/courses/9.641/2002/readings/Cover65.pdf},
  volume = {EC-14},
  year = 1965
}
@inproceedings{Boser:1992:TAO:130385.130401,
 author = {Boser, Bernhard E. and Guyon, Isabelle M. and Vapnik, Vladimir N.},
 title = {A Training Algorithm for Optimal Margin Classifiers},
 booktitle = {Proceedings of the Fifth Annual Workshop on Computational Learning Theory},
 series = {COLT '92},
 year = {1992},
 isbn = {0-89791-497-X},
 location = {Pittsburgh, Pennsylvania, USA},
 pages = {144--152},
 numpages = {9},
 url = {http://doi.acm.org/10.1145/130385.130401},
 doi = {10.1145/130385.130401},
 acmid = {130401},
 publisher = {ACM},
 address = {New York, NY, USA},
} 
@article{Cortes:1995:SN:218919.218929,
 author = {Cortes, Corinna and Vapnik, Vladimir},
 title = {Support-Vector Networks},
 journal = {Mach. Learn.},
 issue_date = {Sept. 1995},
 volume = {20},
 number = {3},
 month = sep,
 year = {1995},
 issn = {0885-6125},
 pages = {273--297},
 numpages = {25},
 url = {http://dx.doi.org/10.1023/A:1022627411411},
 doi = {10.1023/A:1022627411411},
 acmid = {218929},
 publisher = {Kluwer Academic Publishers},
 address = {Hingham, MA, USA},
 keywords = {efficient learning algorithms, neural networks, pattern recognition, polynomial classifiers, radial basis function classifiers},
} 
@book{hastie01statisticallearning,
  added-at = {2008-05-16T16:17:42.000+0200},
  address = {New York, NY, USA},
  author = {Hastie, Trevor and Tibshirani, Robert and Friedman, Jerome},
  biburl = {https://www.bibsonomy.org/bibtex/2f58afc5c9793fcc8ad8389824e57984c/sb3000},
  interhash = {d585aea274f2b9b228fc1629bc273644},
  intrahash = {f58afc5c9793fcc8ad8389824e57984c},
  keywords = {ml statistics},
  publisher = {Springer New York Inc.},
  series = {Springer Series in Statistics},
  timestamp = {2008-05-16T16:17:43.000+0200},
  title = {The Elements of Statistical Learning},
  year = 2001
}

@misc{NgSVM,
  author        = {Andrew Ng},
  title         = {CS229 Lecture notes},
  howpublished = {\url{http://cs229.stanford.edu/notes/cs229-notes3.pdf}},
  note = {Accessed: 2017-06-05},
  publisher={Stanford University}
}
@inproceedings{Nasukawa:2003:SAC:945645.945658,
 author = {Nasukawa, Tetsuya and Yi, Jeonghee},
 title = {Sentiment Analysis: Capturing Favorability Using Natural Language Processing},
 booktitle = {Proceedings of the 2Nd International Conference on Knowledge Capture},
 series = {K-CAP '03},
 year = {2003},
 isbn = {1-58113-583-1},
 location = {Sanibel Island, FL, USA},
 pages = {70--77},
 numpages = {8},
 url = {http://doi.acm.org/10.1145/945645.945658},
 doi = {10.1145/945645.945658},
 acmid = {945658},
 publisher = {ACM},
 address = {New York, NY, USA},
 keywords = {favorability analysis, information extraction, sentiment analysis, text mining},
} 